

@string{aajc = {Australas. J. Combin.}}

@string{academicpress = {Academic Press}}

@string{acm = {Assoc. Comput. Mach., New York}}

@string{acmtcl = {ACM Trans. Comput. Log.}}

@string{actacyb = {Acta Cybernetica}}

@string{actainf = {Acta Informatica}}

@string{ai = {Artificial Intelligence}}

@string{aiaf = {AI Access Foundation}}

@string{aic = {AI Communications}}

@string{aip = {The AAAI Press}}

@string{alg = {Algorithmica}}

@string{am = {Annals of Mathematics}}

@string{amai = {Ann. Math. Artif. Intell.}}

@string{aml = {Archive for Mathematical Logic}}

@string{amm = {Amer. Math. Monthly}}

@string{ams = {American Mathematical Society}}

@string{apal = {Annals of Pure and Applied Logic}}

@string{aw = {Addison-Wesley}}

@string{bcs = {British Computer Society, Swinton}}

@string{beatcs = {Bulletin of the European Association for Theoretical Computer Science}}

@string{bsl = {Bull. of Symbolic Logic}}

@string{camup = {Cambridge University Press, Cambridge}}

@string{canjm = {Canadian J. Math.}}

@string{ceur = {CEUR Workshop Proceedings (CEUR-WS.org)}}

@string{comacm = {Communications of the ACM}}

@string{comb = {Combinatorica}}

@string{comcom = {Computational Complexity}}

@string{comint = {Comput. Intelligence}}

@string{commmuc = {Comment. Math. Univ. Carolinae}}

@string{congrnumer = {Congr. Numer.}}

@string{cons = {Constraints}}

@string{cpc = {Combin. Probab. Comput.}}

@string{dam = {Discr. Appl. Math.}}

@string{dam-st = {Submitted to \emph{Discr. Appl. Math.}}}

@string{dam-ta = {To appear in \emph{Discr. Appl. Math.}}}

@string{dimacs = {DIMACS: Series in Discrete Mathematics and Theoretical Computer Science}}

@string{dke = {Data Knowl. Eng.}}

@string{dm = {Discrete Math.}}

@string{dmgt = {Discuss. Math. Graph Theory}}

@string{do = {Discrete Optim.}}

@string{dp = {Dagstuhl Publishing}}

@string{dukemj = {Duke Math. J.}}

@string{eccc = {\emph{Electronic Colloquium on Computational Complexity} (ECCC)}}

@string{ejc = {European J. Combin.}}

@string{elsevier = {Elsevier Science Publishers, North-Holland}}

@string{endm = {Electronic Notes in Discrete Mathematics}}

@string{fai = {Foundations of Artificial Intelligence}}

@string{faip = {Frontiers in Artificial Intelligence and Applications}}

@string{finf = {Fund. Inform.}}

@string{freeman = {W. H. Freeman and Company, New York}}

@string{gc = {Graphs and Combinatorics}}

@string{geneinf = {Genome Informatics}}

@string{gtm = {Graduate Texts in Mathematics}}

@string{humana = {Humana Press}}

@string{ic = {Information and Control}}

@string{ieee = {IEEE Computer Soc.}}

@string{ieeecad = {IEEE Transactions on Computer Aided Design}}

@string{ieeese = {IEEE Transactions on Software Engineering}}

@string{ieeetc = {IEEE Transactions on Computers}}

@string{ifac = {International Federation of Automatic Control}}

@string{ijcm = {International Journal of Computer Mathematics}}

@string{ijfcs = {Internat. J. Found. Comput. Sci.}}

@string{infcomp = {Information and Computation}}

@string{infsci = {Information Sciences}}

@string{ios = {IOS Press}}

@string{ipl = {Information Processing Letters}}

@string{jacm = {J. of the ACM}}

@string{jair = {J. Artif. Intell. Res.}}

@string{jalg = {J. Algorithms}}

@string{jancl = {J. Applied Non-Classical Logics}}

@string{jar = {J. Automated Reasoning}}

@string{jcmcc = {J. Combin. Math. Combin. Comput.}}

@string{jco = {J. Comb. Optim.}}

@string{jcombt = {J. Combin. Theory}}

@string{jcombta = {J. Combin. Theory Ser. A}}

@string{jcombtb = {J. Combin. Theory Ser. B}}

@string{jcomput = {J. Comput.}}

@string{jcs = {J. of Computer Security}}

@string{jcss = {J. of Computer and System Sciences}}

@string{jda = {J. Discrete Algorithms}}

@string{jetai = {J. of Experimental \& Theoretical Artificial Intelligence}}

@string{jgaa = {J. Graph Algorithms Appl.}}

@string{jgt = {J. Graph Theory}}

@string{jlap = {J. Logic and Algebraic Programming}}

@string{jlc = {J. Logic Comput.}}

@string{jlms = {J. London Math. Soc.}}

@string{jlp = {J. Logic Programming}}

@string{jmlcs = {J. on Methods of Logic in Computer Science}}

@string{jmlr = {J. Mach. Learn. Res.}}

@string{jsat = {J. on Satisfiability, Boolean Modeling and Computation}}

@string{jsc = {J. Symbolic Comput.}}

@string{jsl = {J. Symbolic Logic}}

@string{ki = {KI - Kuenstliche Intelligenz}}

@string{kluwer = {Kluwer Academic Publishers, Dortrecht}}

@string{lai = {Logics in Artificial Intelligence}}

@string{lipics = {LIPIcs}}

@string{lmcs = {Logical Methods in Computer Science}}

@string{lmslns = {London Mathematical Society Lecture Note Series}}

@string{lnai = {LNAI}}

@string{lncs = {LNCS}}

@string{lzi = {Leibniz-Zentrum fuer Informatik}}

@string{mc = {Morgan Kaufmann}}

@string{mcp = {Morgan \& Claypool}}

@string{mcs = {Monographs in Computer Science}}

@string{mfslovensk = {Mat.-Fyz. \v Casopis. Slovensk. Akad. Vied}}

@string{mit = {MIT Press}}

@string{ml = {Machine Learning}}

@string{mlq = {Mathematical Logic Quarterly}}

@string{mp = {Mathematical Programming}}

@string{mps = {Mathematical Programming Studies}}

@string{mst = {Math. Systems Theory}}

@string{ndjfl = {Notre Dame J. Formal Logic}}

@string{net = {Networks}}

@string{ngc = {New Generation Comput.}}

@string{njc = {Nordic J. Comput.}}

@string{northholland = {North-Holland Publishing Co.}}

@string{or = {Operations Research}}

@string{orl = {Oper. Res. Lett.}}

@string{oup = {Oxford University Press}}

@string{pbc = {Professional Book Center}}

@string{pml = {Perspectives in Mathematical Logic}}

@string{ppc = {Plenum Publishing Corporation}}

@string{pup = {Princeton University Press}}

@string{sbms = {Series of Books in the Mathematical Sciences}}

@string{scienceinchinaa = {Science in China Ser. A}}

@string{siam = {Society for Industrial and Applied Mathematics (SIAM)}}

@string{siamjadm = {SIAM J. Algebraic Discrete Methods}}

@string{siamjam = {SIAM J. Appl. Math.}}

@string{siamjc = {SIAM J. Comput.}}

@string{siamjdm = {SIAM J. Discrete Math.}}

@string{sigactnews = {SIGACT News}}

@string{springer = {Springer}}

@string{su = {University of Szeged, Hungary}}

@string{talg = {ACM Transactions on Algorithms}}

@string{taylor = {Taylor \& Francis}}

@string{tc = {Theory of Computing}}

@string{tcj = {The Computer Journal}}

@string{tcs = {Theoretical Computer Science}}

@string{tcsys = {Theory Comput. Syst.}}

@string{tplp = {TPLP}}

@string{wiley = {John Wiley \& Sons}}

@string{zmlgm = {Z. Math. Logik Grundlagen Math.}}



@inproceedings{ChakrabortyMV13,
  author    = {Supratik Chakraborty and
               Kuldeep S. Meel and
               Moshe Y. Vardi},
  editor    = {Christian Schulte},
  title     = {A Scalable Approximate Model Counter},
  booktitle = {Principles and Practice of Constraint Programming - 19th International
               Conference, {CP} 2013, Uppsala, Sweden, September 16-20, 2013. Proceedings},
  series    = {Lecture Notes in Computer Science},
  volume    = {8124},
  pages     = {200--216},
  publisher = {Springer},
  year      = {2013},
  url       = {https://doi.org/10.1007/978-3-642-40627-0\_18},
  doi       = {10.1007/978-3-642-40627-0\_18},
  timestamp = {Tue, 14 May 2019 10:00:45 +0200},
  biburl    = {https://dblp.org/rec/bib/conf/cp/ChakrabortyMV13},
  bibsource = {dblp computer science bibliography, https://dblp.org}
}


@InProceedings{gosase06a,
  author =	 "C. Gomes and A. Sabharwal and B. Selman",
  title =	 "Model Counting: A New Strategy for Obtaining Good Bounds",
  crossref =	 "aaai06"
}


@Proceedings{aaai06,
  title =	 "Proceedings of the Twenty-first National Conference on Artificial Intelligence (AAAI'06)",
  year =	 2006,
  booktitle =	 "Proceedings of the Twenty-first National Conference on Artificial Intelligence (AAAI'06)",
  editor =	 "Y. Gil and R. Mooney",
  publisher =	 "AAAI Press"
}


@Proceedings{cav13,
  title =	 "Proceedings of the Twenty-fifth International Conference on Computer Aided Verification (CAV'13)",
  year =	 2013,
  booktitle =	 "Proceedings of the Twenty-fifth International Conference on Computer Aided Verification (CAV'13)",
  editor =	 "N. Sharygina and H. Veith",
  volume =	 8044,
  series =	 lncs,
  publisher =	 springer
}

@InProceedings{chmeva13a,
  author =	 "S. Chakraborty and K. Meel and M. Vardi",
  title =	 "A Scalable and Nearly Uniform Generator of {SAT} Witnesses",
  pages =	 "608-623",
  year =	 2013,
  booktitle =	 "Proceedings of the Twenty-fifth International Conference on Computer Aided Verification (CAV'13)",
  editor =	 "N. Sharygina and H. Veith",
  volume =	 8044,
  series =	 lncs,
  publisher =	 springer
}

@inproceedings{TsamouraGK20,
  author    = {Efthymia Tsamoura and
               V{\'{\i}}ctor Guti{\'{e}}rrez{-}Basulto and
               Angelika Kimmig},
  title     = {Beyond the Grounding Bottleneck: Datalog Techniques for Inference
               in Probabilistic Logic Programs},
  booktitle = {{AAAI}},
  pages     = {10284--10291},
  publisher = {{AAAI} Press},
  year      = {2020}
}

@article{KimmigDRCR11,
  author    = {Angelika Kimmig and
               Bart Demoen and
               Luc De Raedt and
               V{\'{\i}}tor Santos Costa and
               Ricardo Rocha},
  title     = {On the implementation of the probabilistic logic programming language
               ProbLog},
  journal   = {Theory Pract. Log. Program.},
  volume    = {11},
  number    = {2-3},
  pages     = {235--262},
  year      = {2011},
  url       = {https://doi.org/10.1017/S1471068410000566},
  doi       = {10.1017/S1471068410000566},
  timestamp = {Thu, 13 Feb 2020 14:39:46 +0100},
  biburl    = {https://dblp.org/rec/journals/tplp/KimmigDRCR11.bib},
  bibsource = {dblp computer science bibliography, https://dblp.org}
}

@book{KleineBuningLettman99,
	Addressoff = {New York, NY, USA},
	Author = {Kleine B{\"u}ning, Hans and Lettman, Theodor},
	Date-Added = {2018-01-18 09:46:40 +0000},
	Date-Modified = {2018-01-18 09:46:40 +0000},
	Isbn = {978-0521630177},
	Pages = {420},
	Publisher = CamUP,
	Title = {Propositional logic: deduction and algorithms},
	Year = {1999}}


@article{Janhunen06,
  author    = {Tomi Janhunen},
  title     = {Some (in)translatability results for normal logic programs and propositional
               theories},
  journal   = {Journal of Applied Non-Classical Logics},
  volume    = {16},
  number    = {1-2},
  pages     = {35--86},
  year      = {2006}
}
@book{Papadimitriou94,
	Author = {Papadimitriou, Christos H.},
	Date-Added = {2010-11-08 17:59:00 +0100},
	Date-Modified = {2015-04-20 12:03:36 +0000},
	Isbn = {0-470-86412-5},
	Pages = {523},
	Publisher = Aw,
	Title = {Computational Complexity},
	Year = {1994},
	Bdsk-File-1 = {YnBsaXN0MDDUAQIDBAUGJCVYJHZlcnNpb25YJG9iamVjdHNZJGFyY2hpdmVyVCR0b3ASAAGGoKgHCBMUFRYaIVUkbnVsbNMJCgsMDxJXTlMua2V5c1pOUy5vYmplY3RzViRjbGFzc6INDoACgAOiEBGABIAFgAdccmVsYXRpdmVQYXRoWWFsaWFzRGF0YV8QNi4uLy4uLy4uLy4uLy4uLy4uLy4uLy4uL0Rvd25sb2Fkcy9QYXBhZGltaXRyaW91OTRhLnBkZtIXCxgZV05TLmRhdGFPEQGYAAAAAAGYAAIAAAxNYWNpbnRvc2ggSEQAAAAAAAAAAAAAAAAAAADSSMABSCsAAAAJZR0UUGFwYWRpbWl0cmlvdTk0YS5wZGYAAAAAAAAAAAAAAAAAAAAAAAAAAAAAAAAAAAAAAAAAAAAAAAAAAAAAAAAAAOdQ5tQlb3oAAAAAAAAAAAAIAAIAAAkgAAAAAAAAAAAAAAAAAAAACURvd25sb2FkcwAAEAAIAADSSKPhAAAAEQAIAADUJVNaAAAAAQAMAAllHQAJZRoABiqaAAIAO01hY2ludG9zaCBIRDpVc2VyczoAZmljaHRlOgBEb3dubG9hZHM6AFBhcGFkaW1pdHJpb3U5NGEucGRmAAAOACoAFABQAGEAcABhAGQAaQBtAGkAdAByAGkAbwB1ADkANABhAC4AcABkAGYADwAaAAwATQBhAGMAaQBuAHQAbwBzAGgAIABIAEQAEgArVXNlcnMvZmljaHRlL0Rvd25sb2Fkcy9QYXBhZGltaXRyaW91OTRhLnBkZgAAEwABLwAAFQACAA3//wAAgAbSGxwdHlokY2xhc3NuYW1lWCRjbGFzc2VzXU5TTXV0YWJsZURhdGGjHR8gVk5TRGF0YVhOU09iamVjdNIbHCIjXE5TRGljdGlvbmFyeaIiIF8QD05TS2V5ZWRBcmNoaXZlctEmJ1Ryb290gAEACAARABoAIwAtADIANwBAAEYATQBVAGAAZwBqAGwAbgBxAHMAdQB3AIQAjgDHAMwA1AJwAnICdwKCAosCmQKdAqQCrQKyAr8CwgLUAtcC3AAAAAAAAAIBAAAAAAAAACgAAAAAAAAAAAAAAAAAAALe}}

	


	
@InCollection{baseseti09a,
  author =	 "C. Barrett and R. Sebastiani and S. Seshia and C. Tinelli",
  title =	 "Satisfiability Modulo Theories",
  chapter =	 26,
  pages =	 "825-885", 
  editor =	 "A. Biere and M. Heule and H. {van Maaren} and T. Walsh",
  publisher =	 "IOS Press",
  year =	 2009,
  volume =	 185,
  series =	 "Frontiers in Artificial Intelligence and Applications",
  booktitle =	 "Handbook of Satisfiability"
}



@article{MarekTruszczynski91,
	Author = {Marek, Wiktor and Truszczy{\'n}ski, Miros{\l}aw},
	Date-Added = {2016-10-13 19:10:28 +0000},
	Date-Modified = {2016-10-13 19:10:28 +0000},
	Doi = {10.1145/116825.116836},
	Issn = {0004-5411},
	Journal = jacm,
	Number = {3},
	Pages = {588--619},
	Publisher = acm,
	Title = {Autoepistemic logic},
	Volume = {38},
	Year = {1991},
	Bdsk-File-1 = {YnBsaXN0MDDUAQIDBAUGJCVYJHZlcnNpb25YJG9iamVjdHNZJGFyY2hpdmVyVCR0b3ASAAGGoKgHCBMUFRYaIVUkbnVsbNMJCgsMDxJXTlMua2V5c1pOUy5vYmplY3RzViRjbGFzc6INDoACgAOiEBGABIAFgAdccmVsYXRpdmVQYXRoWWFsaWFzRGF0YW8QOwAuAC4ALwAuAC4ALwAuAC4ALwAuAC4ALwAuAC4ALwAuAC4ALwAuAC4ALwAuAC4ALwBMAGkAdABlAHIAYQB0AHUAcgBlAC8ATQBhAHIAZQBrAFQAcgB1AHMAegBjAHoAeQBuAwEAcwBrAGkAOQAxAC4AcABkAGbSFwsYGVdOUy5kYXRhTxEBqgAAAAABqgACAAAMTWFjaW50b3NoIEhEAAAAAAAAAAAAAAAAAAAA0kjAAUgrAAAACuwrGE1hcmVrVHJ1c3pjenkjMjM1MjBDLnBkZgAAAAAAAAAAAAAAAAAAAAAAAAAAAAAAAAAAAAAAAAAAAAAAAAAAAAAjUgzJIp7UAAAAAAAAAAAACAACAAAJIAAAAAAAAAAAAAAAAAAAAApMaXRlcmF0dXJlABAACAAA0kij4QAAABEACAAAySKQxAAAAAEADAAK7CsACWUaAAYqmgACAEBNYWNpbnRvc2ggSEQ6VXNlcnM6AGZpY2h0ZToATGl0ZXJhdHVyZToATWFyZWtUcnVzemN6eSMyMzUyMEMucGRmAA4AMgAYAE0AYQByAGUAawBUAHIAdQBzAHoAYwB6AHkAbgMBAHMAawBpADkAMQAuAHAAZABmAA8AGgAMAE0AYQBjAGkAbgB0AG8AcwBoACAASABEABIAMVVzZXJzL2ZpY2h0ZS9MaXRlcmF0dXJlL01hcmVrVHJ1c3pjenluzIFza2k5MS5wZGYAABMAAS8AABUAAgAN//8AAIAG0hscHR5aJGNsYXNzbmFtZVgkY2xhc3Nlc11OU011dGFibGVEYXRhox0fIFZOU0RhdGFYTlNPYmplY3TSGxwiI1xOU0RpY3Rpb25hcnmiIiBfEA9OU0tleWVkQXJjaGl2ZXLRJidUcm9vdIABAAgAEQAaACMALQAyADcAQABGAE0AVQBgAGcAagBsAG4AcQBzAHUAdwCEAI4BBwEMARQCwgLEAskC1ALdAusC7wL2Av8DBAMRAxQDJgMpAy4AAAAAAAACAQAAAAAAAAAoAAAAAAAAAAAAAAAAAAADMA==},
	Bdsk-Url-1 = {http://dx.doi.org/10.1145/116825.116836}}


@article{BidoitFroidevaux91,
	Abstract = {The default approach to the theory of logic programs (and deductive databases) is based on the interpretation of negation by default rules. Default logic is a well-suited formalism to express the Closed World Assumption and to define the declarative semantics of stratifiable logic programs. The case of disjunctive consequences in rules is treated. General logic programs may not have a meaning with respect to default semantics. The contribution of the paper is to exhibit an interesting class of programs having a default semantics, called effectively stratifiable programs. This time, disjunctive consequences are not considered. Effective stratification is a weaker constraint than stratification, local stratification and weak stratification. Besides enlarging the class of stratifiable logic programs, the paper contributes to provide a constructive definition of well-founded models of logic programs. The class of effectively stratifiable logic programs matches the class of programs having a total well-founded model and in general, the default semantics extends the well-founded semantics.},
	Author = {Bido{\'\i}t, Nicole and Froidevaux, Christine},
	Date-Added = {2016-10-13 19:10:20 +0000},
	Date-Modified = {2016-10-13 19:10:20 +0000},
	Doi = {10.1016/0304-3975(51)90004-7},
	Issn = {0304-3975},
	Journal = tcs,
	Number = {1},
	Pages = {85--112},
	Publisher = elsevier,
	Title = {Negation by default and unstratifiable logic programs},
	Volume = {78},
	Year = {1991},
	Bdsk-Url-1 = {http://www.sciencedirect.com/science/article/pii/0304397551900047},
	Bdsk-Url-2 = {http://dx.doi.org/10.1016/0304-3975(51)90004-7}}



@article{EiterGottlob95,
	Author = {Eiter, Thomas and Gottlob, Georg},
	Date-Added = {2016-10-12 18:56:45 +0000},
	Date-Modified = {2016-10-12 18:56:45 +0000},
	Doi = {10.1007/BF01536399},
	Journal = amai,
	Number = {3--4},
	Pages = {289--323},
	Publisher = springer,
	Title = {On the computational cost of disjunctive logic programming: Propositional case},
	Volume = {15},
	Year = {1995},
	Bdsk-File-1 = {YnBsaXN0MDDUAQIDBAUGJCVYJHZlcnNpb25YJG9iamVjdHNZJGFyY2hpdmVyVCR0b3ASAAGGoKgHCBMUFRYaIVUkbnVsbNMJCgsMDxJXTlMua2V5c1pOUy5vYmplY3RzViRjbGFzc6INDoACgAOiEBGABIAFgAdccmVsYXRpdmVQYXRoWWFsaWFzRGF0YV8QNi4uLy4uLy4uLy4uLy4uLy4uLy4uLy4uL0xpdGVyYXR1cmUvRWl0ZXJHb3R0bG9iOTVhLnBkZtIXCxgZV05TLmRhdGFPEQGWAAAAAAGWAAIAAAxNYWNpbnRvc2ggSEQAAAAAAAAAAAAAAAAAAADSSMABSCsAAAAK7CsTRWl0ZXJHb3R0bG9iOTVhLnBkZgAAAAAAAAAAAAAAAAAAAAAAAAAAAAAAAAAAAAAAAAAAAAAAAAAAAAAAAAAAACNQQcusWMQAAAAAAAAAAAAIAAIAAAkgAAAAAAAAAAAAAAAAAAAACkxpdGVyYXR1cmUAEAAIAADSSKPhAAAAEQAIAADLrDykAAAAAQAMAArsKwAJZRoABiqaAAIAO01hY2ludG9zaCBIRDpVc2VyczoAZmljaHRlOgBMaXRlcmF0dXJlOgBFaXRlckdvdHRsb2I5NWEucGRmAAAOACgAEwBFAGkAdABlAHIARwBvAHQAdABsAG8AYgA5ADUAYQAuAHAAZABmAA8AGgAMAE0AYQBjAGkAbgB0AG8AcwBoACAASABEABIAK1VzZXJzL2ZpY2h0ZS9MaXRlcmF0dXJlL0VpdGVyR290dGxvYjk1YS5wZGYAABMAAS8AABUAAgAN//8AAIAG0hscHR5aJGNsYXNzbmFtZVgkY2xhc3Nlc11OU011dGFibGVEYXRhox0fIFZOU0RhdGFYTlNPYmplY3TSGxwiI1xOU0RpY3Rpb25hcnmiIiBfEA9OU0tleWVkQXJjaGl2ZXLRJidUcm9vdIABAAgAEQAaACMALQAyADcAQABGAE0AVQBgAGcAagBsAG4AcQBzAHUAdwCEAI4AxwDMANQCbgJwAnUCgAKJApcCmwKiAqsCsAK9AsAC0gLVAtoAAAAAAAACAQAAAAAAAAAoAAAAAAAAAAAAAAAAAAAC3A==},
	Bdsk-File-2 = {YnBsaXN0MDDUAQIDBAUGJCVYJHZlcnNpb25YJG9iamVjdHNZJGFyY2hpdmVyVCR0b3ASAAGGoKgHCBMUFRYaIVUkbnVsbNMJCgsMDxJXTlMua2V5c1pOUy5vYmplY3RzViRjbGFzc6INDoACgAOiEBGABIAFgAdccmVsYXRpdmVQYXRoWWFsaWFzRGF0YV8QNS4uLy4uLy4uLy4uLy4uLy4uLy4uLy4uL0xpdGVyYXR1cmUvRWl0ZXJHb3R0bG9iOTUucGRm0hcLGBlXTlMuZGF0YU8RAZAAAAAAAZAAAgAADE1hY2ludG9zaCBIRAAAAAAAAAAAAAAAAAAAANJIwAFIKwAAAArsKxJFaXRlckdvdHRsb2I5NS5wZGYAAAAAAAAAAAAAAAAAAAAAAAAAAAAAAAAAAAAAAAAAAAAAAAAAAAAAAAAAAAAAI1BAyPXkFQAAAAAAAAAAAAgAAgAACSAAAAAAAAAAAAAAAAAAAAAKTGl0ZXJhdHVyZQAQAAgAANJIo+EAAAARAAgAAMj11gUAAAABAAwACuwrAAllGgAGKpoAAgA6TWFjaW50b3NoIEhEOlVzZXJzOgBmaWNodGU6AExpdGVyYXR1cmU6AEVpdGVyR290dGxvYjk1LnBkZgAOACYAEgBFAGkAdABlAHIARwBvAHQAdABsAG8AYgA5ADUALgBwAGQAZgAPABoADABNAGEAYwBpAG4AdABvAHMAaAAgAEgARAASACpVc2Vycy9maWNodGUvTGl0ZXJhdHVyZS9FaXRlckdvdHRsb2I5NS5wZGYAEwABLwAAFQACAA3//wAAgAbSGxwdHlokY2xhc3NuYW1lWCRjbGFzc2VzXU5TTXV0YWJsZURhdGGjHR8gVk5TRGF0YVhOU09iamVjdNIbHCIjXE5TRGljdGlvbmFyeaIiIF8QD05TS2V5ZWRBcmNoaXZlctEmJ1Ryb290gAEACAARABoAIwAtADIANwBAAEYATQBVAGAAZwBqAGwAbgBxAHMAdQB3AIQAjgDGAMsA0wJnAmkCbgJ5AoICkAKUApsCpAKpArYCuQLLAs4C0wAAAAAAAAIBAAAAAAAAACgAAAAAAAAAAAAAAAAAAALV},
	Bdsk-Url-1 = {http://dx.doi.org/10.1007/BF01536399}}


@article{GelfondLifschitz91,
	Author = {Gelfond, Michael and Lifschitz, Vladimir},
	Date-Added = {2018-05-08 12:34:06 +0000},
	Date-Modified = {2018-05-08 12:34:06 +0000},
	Doi = {10.1007/BF03037169},
	Journal = ngc,
	Number = {3/4},
	Pages = {365--386},
	Publisher = Springer,
	Title = {Classical Negation in Logic Programs and Disjunctive Databases},
	Volume = {9},
	Year = {1991},
	Bdsk-File-1 = {YnBsaXN0MDDUAQIDBAUGJCVYJHZlcnNpb25YJG9iamVjdHNZJGFyY2hpdmVyVCR0b3ASAAGGoKgHCBMUFRYaIVUkbnVsbNMJCgsMDxJXTlMua2V5c1pOUy5vYmplY3RzViRjbGFzc6INDoACgAOiEBGABIAFgAdccmVsYXRpdmVQYXRoWWFsaWFzRGF0YV8QOS4uLy4uLy4uLy4uLy4uLy4uLy4uLy4uL0xpdGVyYXR1cmUvR2VsZm9uZExpZnNjaGl0ejkxLnBkZtIXCxgZV05TLmRhdGFPEQGgAAAAAAGgAAIAAAxNYWNpbnRvc2ggSEQAAAAAAAAAAAAAAAAAAADSSMABSCsAAAAK7CsWR2VsZm9uZExpZnNjaGl0ejkxLnBkZgAAAAAAAAAAAAAAAAAAAAAAAAAAAAAAAAAAAAAAAAAAAAAAAAAAAAAAACNQ+8w8M7oAAAAAAAAAAAAIAAIAAAkgAAAAAAAAAAAAAAAAAAAACkxpdGVyYXR1cmUAEAAIAADSSKPhAAAAEQAIAADMPBeaAAAAAQAMAArsKwAJZRoABiqaAAIAPk1hY2ludG9zaCBIRDpVc2VyczoAZmljaHRlOgBMaXRlcmF0dXJlOgBHZWxmb25kTGlmc2NoaXR6OTEucGRmAA4ALgAWAEcAZQBsAGYAbwBuAGQATABpAGYAcwBjAGgAaQB0AHoAOQAxAC4AcABkAGYADwAaAAwATQBhAGMAaQBuAHQAbwBzAGgAIABIAEQAEgAuVXNlcnMvZmljaHRlL0xpdGVyYXR1cmUvR2VsZm9uZExpZnNjaGl0ejkxLnBkZgATAAEvAAAVAAIADf//AACABtIbHB0eWiRjbGFzc25hbWVYJGNsYXNzZXNdTlNNdXRhYmxlRGF0YaMdHyBWTlNEYXRhWE5TT2JqZWN00hscIiNcTlNEaWN0aW9uYXJ5oiIgXxAPTlNLZXllZEFyY2hpdmVy0SYnVHJvb3SAAQAIABEAGgAjAC0AMgA3AEAARgBNAFUAYABnAGoAbABuAHEAcwB1AHcAhACOAMoAzwDXAnsCfQKCAo0ClgKkAqgCrwK4Ar0CygLNAt8C4gLnAAAAAAAAAgEAAAAAAAAAKAAAAAAAAAAAAAAAAAAAAuk=}}


@inproceedings{SharmaRoySoos19a,
	Author = {Sharma, Shubham and Roy, Subhajit and Soos, Mate and Meel, Kuldeep S.},
	Booktitle = {Proceedings of the 28th International Joint Conference on Artificial Intelligence, {IJCAI-19}},
	Date-Added = {2020-02-26 17:42:41 +0100},
	Date-Modified = {2020-02-26 17:44:10 +0100},
	Doi = {10.24963/ijcai.2019/163},
	Editor = {Kraus, Sarit},
	Month = {7},
	Pages = {1169--1176},
	Publisher = {IJCAI},
	Title = {GANAK: A Scalable Probabilistic Exact Model Counter},
	Year = {2019},
	Bdsk-Url-1 = {https://doi.org/10.24963/ijcai.2019/163}}

@inproceedings{LagniezMarquis19a,
	Address = {Honolulu, Hawaii, USA},
	Author = {Lagniez, Jean-Marie and Marquis, Pierre},
	Booktitle = {Proceedings of the 33rd AAAI Conference on Artificial Intelligence (AAAI'19)},
	Date-Added = {2020-02-26 17:40:41 +0100},
	Date-Modified = {2020-02-26 17:41:15 +0100},
	Doi = {10.1609/aaai.v33i01.33011536},
	Editor = {Hentenryck, Pascal Van and Zhou, Zhi-Hua},
	Title = {A Recursive Algorithm for Projected Model Counting},
	Year = {2019},
	Bdsk-Url-1 = {https://doi.org/10.1609/aaai.v33i01.33011536}}

	
@article{HemaspaandraVollmer95a,
	Acmid = {203611},
	Address = {New York, NY, USA},
	Author = {Hemaspaandra, Lane A. and Vollmer, Heribert},
	Date-Added = {2018-02-03 17:23:26 +0000},
	Date-Modified = {2018-02-03 17:23:26 +0000},
	Doi = {10.1145/203610.203611},
	Issn = {0163-5700},
	Journal = sigactnews,
	Month = mar,
	Number = {1},
	Numpages = {12},
	Pages = {2--13},
	Publisher = acm,
	Title = {The Satanic Notations: Counting Classes Beyond \#{P} and Other Definitional Adventures},
	Volume = {26},
	Year = {1995},
	Bdsk-Url-1 = {http://doi.acm.org/10.1145/203610.203611},
	Bdsk-Url-2 = {https://dx.doi.org/10.1145/203610.203611}}

	
@article{ChaviraDarwiche08a,
	Author = {Chavira, Mark and Darwiche, Adnan},
	Date-Added = {2020-02-26 16:52:26 +0100},
	Date-Modified = {2020-02-26 16:54:43 +0100},
	Doi = {10.1016/j.artint.2007.11.002},
	Journal = ai,
	Number = {6--7},
	Pages = {772---799},
	Title = {On probabilistic inference by weighted model counting},
	Volume = {172},
	Year = {2008},
	Bdsk-File-1 = {YnBsaXN0MDDSAQIDBFxyZWxhdGl2ZVBhdGhZYWxpYXNEYXRhXxA2Li4vLi4vLi4vLi4vLi4vLi4vLi4vTGl0ZXJhdHVyZS9DaGF2aXJhRGFyd2ljaGUwOGEucGRmTxEBagAAAAABagACAAAMTWFjaW50b3NoIEhEAAAAAAAAAAAAAAAAAAAAAAAAAEJEAAH/////FkNoYXZpcmFEYXJ3aWNoZTA4YS5wZGYAAAAAAAAAAAAAAAAAAAAAAAAAAAAAAAAAAAAAAAAAAAAAAAAAAAAAAP////8AAAAAAAAAAAAAAAAABwACAAAKIGN1AAAAAAAAAAAAAAAAAApMaXRlcmF0dXJlAAIAMC86VXNlcnM6ZmljaHRlOkxpdGVyYXR1cmU6Q2hhdmlyYURhcndpY2hlMDhhLnBkZgAOAC4AFgBDAGgAYQB2AGkAcgBhAEQAYQByAHcAaQBjAGgAZQAwADgAYQAuAHAAZABmAA8AGgAMAE0AYQBjAGkAbgB0AG8AcwBoACAASABEABIALlVzZXJzL2ZpY2h0ZS9MaXRlcmF0dXJlL0NoYXZpcmFEYXJ3aWNoZTA4YS5wZGYAEwABLwAAFQACAA3//wAAAAgADQAaACQAXQAAAAAAAAIBAAAAAAAAAAUAAAAAAAAAAAAAAAAAAAHL}}

	
@inproceedings{GebserKaufmannSchaub09a,
	Abstract = {Many real-world problems require the enumeration of all solutions of combinatorial search problems, even though this is often infeasible in practice. However, not always all parts of a solution are needed. We are thus interested in projecting solutions to a restricted vocabulary. Yet, the adaption of Boolean constraint solving algorithms turns out to be non-obvious provided one wants a repetition-free enumeration in polynomial space. We address this problem and propose a new algorithm computing projective solutions. Although we have implemented our approach in the context of Answer Set Programming, it is readily applicable to any solver based on modern Boolean constraint technology.},
	Address = {Berlin},
	Author = {Gebser, Martin and Kaufmann, Benjamin and Schaub, Torsten},
	Booktitle = {Proceedings of the 6th International Conference on Integration of AI and OR Techniques in Constraint Programming for Combinatorial Optimization Problems (CPAIOR'09)},
	Date-Added = {2018-01-18 14:49:17 +0000},
	Date-Modified = {2018-02-03 17:24:23 +0000},
	Doi = {10.1007/978-3-642-01929-6_7},
	Editor = {van Hoeve, Willem-Jan and Hooker, John N.},
	Isbn = {978-3-642-01929-6},
	Pages = {71--86},
	Publisher = springer,
	Series = lncs,
	Title = {Solution Enumeration for Projected Boolean Search Problems},
	Volume = {5547},
	Year = {2009},
	Bdsk-File-1 = {YnBsaXN0MDDSAQIDBFxyZWxhdGl2ZVBhdGhZYWxpYXNEYXRhXxA7Li4vLi4vLi4vLi4vLi4vLi4vLi4vTGl0ZXJhdHVyZS9HZWJzZXJLYXVmbWFublNjaGF1YjA5YS5wZGZPEQGAAAAAAAGAAAIAAAxNYWNpbnRvc2ggSEQAAAAAAAAAAAAAAAAAAAAAAAAAQkQAAf////8bR2Vic2VyS2F1Zm1hbm5TY2hhdWIwOWEucGRmAAAAAAAAAAAAAAAAAAAAAAAAAAAAAAAAAAAAAAAAAAAAAAAA/////wAAAAAAAAAAAAAAAAAHAAIAAAogY3UAAAAAAAAAAAAAAAAACkxpdGVyYXR1cmUAAgA1LzpVc2VyczpmaWNodGU6TGl0ZXJhdHVyZTpHZWJzZXJLYXVmbWFublNjaGF1YjA5YS5wZGYAAA4AOAAbAEcAZQBiAHMAZQByAEsAYQB1AGYAbQBhAG4AbgBTAGMAaABhAHUAYgAwADkAYQAuAHAAZABmAA8AGgAMAE0AYQBjAGkAbgB0AG8AcwBoACAASABEABIAM1VzZXJzL2ZpY2h0ZS9MaXRlcmF0dXJlL0dlYnNlckthdWZtYW5uU2NoYXViMDlhLnBkZgAAEwABLwAAFQACAA3//wAAAAgADQAaACQAYgAAAAAAAAIBAAAAAAAAAAUAAAAAAAAAAAAAAAAAAAHm},
	Bdsk-Url-1 = {https://doi.org/10.1007/978-3-642-01929-6_7}}

	
@inproceedings{CapelliMengel19,
	Author = {Capelli, Florent and Mengel, Stefan},
	Bibsource = {dblp computer science bibliography, https://dblp.org},
	Biburl = {https://dblp.org/rec/bib/conf/stacs/CapelliM19},
	Booktitle = {{STACS} 2019},
	Doi = {10.4230/LIPIcs.STACS.2019.18},
	Editor = {Niedermeier, Rolf and Paul, Christophe},
	Pages = {18:1--18:16},
	Publisher = {Schloss Dagstuhl - Leibniz-Zentrum fuer Informatik},
	Series = {LIPIcs},
	Timestamp = {Thu, 02 May 2019 17:40:17 +0200},
	Title = {Tractable {QBF} by Knowledge Compilation},
	Url = {https://doi.org/10.4230/LIPIcs.STACS.2019.18},
	Volume = {126},
	Year = {2019},
	Bdsk-Url-1 = {https://doi.org/10.4230/LIPIcs.STACS.2019.18}}
	
@article{Valiant79,
	Author = {Valiant, L.G.},
	Date-Added = {2012-11-16 17:24:38 +0000},
	Date-Modified = {2017-07-14 18:28:16 +0000},
	Journal = siamjc,
	Number = {3},
	Pages = {410--421},
	Publisher = siam,
	Title = {The complexity of enumeration and reliability problems},
	Volume = {8},
	Year = {1979},
	Bdsk-File-1 = {YnBsaXN0MDDSAQIDBFxyZWxhdGl2ZVBhdGhZYWxpYXNEYXRhXxAtLi4vLi4vLi4vLi4vLi4vLi4vLi4vTGl0ZXJhdHVyZS9WYWxpYW50NzkucGRmTxEBSAAAAAABSAACAAAMTWFjaW50b3NoIEhEAAAAAAAAAAAAAAAAAAAAAAAAAEJEAAH/////DVZhbGlhbnQ3OS5wZGYAAAAAAAAAAAAAAAAAAAAAAAAAAAAAAAAAAAAAAAAAAAAAAAAAAAAAAAAAAAAAAAAAAP////8AAAAAAAAAAAAAAAAABwACAAAKIGN1AAAAAAAAAAAAAAAAAApMaXRlcmF0dXJlAAIAJy86VXNlcnM6ZmljaHRlOkxpdGVyYXR1cmU6VmFsaWFudDc5LnBkZgAADgAcAA0AVgBhAGwAaQBhAG4AdAA3ADkALgBwAGQAZgAPABoADABNAGEAYwBpAG4AdABvAHMAaAAgAEgARAASACVVc2Vycy9maWNodGUvTGl0ZXJhdHVyZS9WYWxpYW50NzkucGRmAAATAAEvAAAVAAIADf//AAAACAANABoAJABUAAAAAAAAAgEAAAAAAAAABQAAAAAAAAAAAAAAAAAAAaA=}}

	
@article{Valiant79b,
	Author = {Valiant, Leslie G.},
	Date-Added = {2014-11-17 16:50:23 +0000},
	Date-Modified = {2015-04-20 13:35:12 +0000},
	Doi = {10.1016/0304-3975(79)90044-6},
	Issn = {0304-3975},
	Journal = TCS,
	Number = {2},
	Pages = {189--201},
	Title = {The complexity of computing the permanent},
	Volume = {8},
	Year = {1979},
	Bdsk-File-1 = {YnBsaXN0MDDSAQIDBFxyZWxhdGl2ZVBhdGhZYWxpYXNEYXRhXxAuLi4vLi4vLi4vLi4vLi4vLi4vLi4vTGl0ZXJhdHVyZS9WYWxpYW50NzlhLnBkZk8RAUoAAAAAAUoAAgAADE1hY2ludG9zaCBIRAAAAAAAAAAAAAAAAAAAAAAAAABCRAAB/////w5WYWxpYW50NzlhLnBkZgAAAAAAAAAAAAAAAAAAAAAAAAAAAAAAAAAAAAAAAAAAAAAAAAAAAAAAAAAAAAAAAAD/////AAAAAAAAAAAAAAAAAAcAAgAACiBjdQAAAAAAAAAAAAAAAAAKTGl0ZXJhdHVyZQACACgvOlVzZXJzOmZpY2h0ZTpMaXRlcmF0dXJlOlZhbGlhbnQ3OWEucGRmAA4AHgAOAFYAYQBsAGkAYQBuAHQANwA5AGEALgBwAGQAZgAPABoADABNAGEAYwBpAG4AdABvAHMAaAAgAEgARAASACZVc2Vycy9maWNodGUvTGl0ZXJhdHVyZS9WYWxpYW50NzlhLnBkZgATAAEvAAAVAAIADf//AAAACAANABoAJABVAAAAAAAAAgEAAAAAAAAABQAAAAAAAAAAAAAAAAAAAaM=},
	Bdsk-Url-1 = {https://doi.org/10.1016/0304-3975(79)90044-6}}

	
@inproceedings{SangBeameKautz05a,
	Author = {Sang, Tian and Beame, Paul and Kautz, Henry},
	Booktitle = {Proceedings of the 29th National Conference on Artificial Intelligence (AAAI'05)},
	Date-Added = {2018-01-18 09:40:27 +0000},
	Date-Modified = {2018-01-18 09:40:27 +0000},
	Editor = {Veloso, Manuela M. and Kambhampati, Subbarao},
	Publisher = aip,
	Title = {Performing Bayesian Inference by Weighted Model Counting},
	Year = {2005},
	Bdsk-File-1 = {YnBsaXN0MDDSAQIDBFxyZWxhdGl2ZVBhdGhZYWxpYXNEYXRhXxA1Li4vLi4vLi4vLi4vLi4vLi4vLi4vTGl0ZXJhdHVyZS9TYW5nQmVhbWVLYXV0ejA1YS5wZGZPEQFoAAAAAAFoAAIAAAxNYWNpbnRvc2ggSEQAAAAAAAAAAAAAAAAAAAAAAAAAQkQAAf////8VU2FuZ0JlYW1lS2F1dHowNWEucGRmAAAAAAAAAAAAAAAAAAAAAAAAAAAAAAAAAAAAAAAAAAAAAAAAAAAAAAAA/////wAAAAAAAAAAAAAAAAAHAAIAAAogY3UAAAAAAAAAAAAAAAAACkxpdGVyYXR1cmUAAgAvLzpVc2VyczpmaWNodGU6TGl0ZXJhdHVyZTpTYW5nQmVhbWVLYXV0ejA1YS5wZGYAAA4ALAAVAFMAYQBuAGcAQgBlAGEAbQBlAEsAYQB1AHQAegAwADUAYQAuAHAAZABmAA8AGgAMAE0AYQBjAGkAbgB0AG8AcwBoACAASABEABIALVVzZXJzL2ZpY2h0ZS9MaXRlcmF0dXJlL1NhbmdCZWFtZUthdXR6MDVhLnBkZgAAEwABLwAAFQACAA3//wAAAAgADQAaACQAXAAAAAAAAAIBAAAAAAAAAAUAAAAAAAAAAAAAAAAAAAHI}}

	
@incollection{GomesKautzSabharwalSelman08a,
	Address = {Amsterdam, Netherlands},
	Author = {Gomes, Carla P. and Sabharwal, Ashish and Selman, Bart},
	Booktitle = {Handbook of Satisfiability},
	Date-Added = {2018-01-18 09:39:47 +0000},
	Date-Modified = {2018-01-18 09:39:47 +0000},
	Doi = {10.3233/978-1-58603-929-5-633},
	Editor = {Biere, Armin and Heule, Marijn and van Maaren, Hans and Walsh, Toby},
	Month = feb,
	Pages = {633--654},
	Publisher = ios,
	Series = faip,
	Title = {Chapter 20: Model Counting},
	Volume = {185},
	Year = {2009},
	Bdsk-File-1 = {YnBsaXN0MDDSAQIDBFxyZWxhdGl2ZVBhdGhZYWxpYXNEYXRhXxA7Li4vLi4vLi4vLi4vLi4vLi4vLi4vTGl0ZXJhdHVyZS9Hb21lc1NhYmhhcndhbFNlbG1hbjA4YS5wZGZPEQGAAAAAAAGAAAIAAAxNYWNpbnRvc2ggSEQAAAAAAAAAAAAAAAAAAAAAAAAAQkQAAf////8bR29tZXNTYWJoYXJ3YWxTZWxtYW4wOGEucGRmAAAAAAAAAAAAAAAAAAAAAAAAAAAAAAAAAAAAAAAAAAAAAAAA/////wAAAAAAAAAAAAAAAAAHAAIAAAogY3UAAAAAAAAAAAAAAAAACkxpdGVyYXR1cmUAAgA1LzpVc2VyczpmaWNodGU6TGl0ZXJhdHVyZTpHb21lc1NhYmhhcndhbFNlbG1hbjA4YS5wZGYAAA4AOAAbAEcAbwBtAGUAcwBTAGEAYgBoAGEAcgB3AGEAbABTAGUAbABtAGEAbgAwADgAYQAuAHAAZABmAA8AGgAMAE0AYQBjAGkAbgB0AG8AcwBoACAASABEABIAM1VzZXJzL2ZpY2h0ZS9MaXRlcmF0dXJlL0dvbWVzU2FiaGFyd2FsU2VsbWFuMDhhLnBkZgAAEwABLwAAFQACAA3//wAAAAgADQAaACQAYgAAAAAAAAIBAAAAAAAAAAUAAAAAAAAAAAAAAAAAAAHm},
	Bdsk-Url-1 = {http://www.sciencedirect.com/science/article/pii/S1574652607030027},
	Bdsk-Url-2 = {http://dx.doi.org/10.1016/S1574-6526(07)03002-7},
	Bdsk-Url-3 = {http://dx.doi.org/10.3233/978-1-58603-929-5-633}}

	
@InProceedings{gosase07a,
  author =	 "C. Gomes and A. Sabharwal and B. Selman",
  title =	 "Near-Uniform Sampling of Combinatorial Spaces Using {XOR} Constraints",
  pages =	 "481-488",
  crossref =	 "nips06"
}

@Proceedings{nips06,
  title =	 "Proceedings of the Twentieth Annual Conference on Neural Information Processing Systems (NIPS'06)",
  year =	 2007,
  booktitle =	 "Proceedings of the Twentieth Annual Conference on Neural Information Processing Systems (NIPS'06)",
  editor =	 "B. Sch{\"{o}}lkopf and J. Platt and T. Hofmann",
  publisher =	 "{MIT} Press"
}
	
@article{DomshlakHoffmann07a,
	Author = {Domshlak, Carmel and Hoffmann, J{\"o}rg},
	Date-Added = {2018-01-18 09:40:35 +0000},
	Date-Modified = {2018-01-18 09:40:35 +0000},
	Doi = {10.1613/jair.2289},
	Journal = jair,
	Title = {Probabilistic Planning via Heuristic Forward Search and Weighted Model Counting},
	Volume = {30},
	Year = {2007},
	Bdsk-File-1 = {YnBsaXN0MDDSAQIDBFxyZWxhdGl2ZVBhdGhZYWxpYXNEYXRhXxA3Li4vLi4vLi4vLi4vLi4vLi4vLi4vTGl0ZXJhdHVyZS9Eb21zaGxha0hvZmZtYW5uMDdhLnBkZk8RAXAAAAAAAXAAAgAADE1hY2ludG9zaCBIRAAAAAAAAAAAAAAAAAAAAAAAAABCRAAB/////xdEb21zaGxha0hvZmZtYW5uMDdhLnBkZgAAAAAAAAAAAAAAAAAAAAAAAAAAAAAAAAAAAAAAAAAAAAAAAAAAAAD/////AAAAAAAAAAAAAAAAAAcAAgAACiBjdQAAAAAAAAAAAAAAAAAKTGl0ZXJhdHVyZQACADEvOlVzZXJzOmZpY2h0ZTpMaXRlcmF0dXJlOkRvbXNobGFrSG9mZm1hbm4wN2EucGRmAAAOADAAFwBEAG8AbQBzAGgAbABhAGsASABvAGYAZgBtAGEAbgBuADAANwBhAC4AcABkAGYADwAaAAwATQBhAGMAaQBuAHQAbwBzAGgAIABIAEQAEgAvVXNlcnMvZmljaHRlL0xpdGVyYXR1cmUvRG9tc2hsYWtIb2ZmbWFubjA3YS5wZGYAABMAAS8AABUAAgAN//8AAAAIAA0AGgAkAF4AAAAAAAACAQAAAAAAAAAFAAAAAAAAAAAAAAAAAAAB0g==},
	Bdsk-Url-1 = {http://dx.doi.org/10.1613/jair.2289}}

	
@inproceedings{ChakrabortyMeelVardi16a,
	Abstract = {Probabilistic inference via model counting has emerged as a scalable technique with strong formal guarantees, thanks to recent advances in hashing-based approximate counting. State-of-the-art hashing-based counting algorithms use an {\NP} oracle, such that the number of oracle invocations grows linearly in the number of variables n in the input constraint. We present a new approach to hashing-based approximate model counting in which the number of oracle invocations grows logarithmically in $n$, while still providing strong theoretical guarantees. Our experiments show that the new approach outperforms state-of-the-art techniques for approximate counting by 1-2 orders of magnitude in running time.},
	Address = {New York City, NY, USA},
	Author = {Chakraborty, Supratik and Meel, Kuldeep S. and Vardi, Moshe Y.},
	Booktitle = {Proceedings of 25th International Joint Conference on Artificial Intelligence (IJCAI'16)},
	Code = {https://bitbucket.org/kuldeepmeel/approxmc},
	Date-Added = {2018-01-18 09:40:09 +0000},
	Date-Modified = {2018-02-03 17:27:58 +0000},
	Editor = {Kambhampati, Subbarao},
	Month = jul,
	Organization = aip,
	Pages = {3569--3576},
	Title = {Improving Approximate Counting for Probabilistic Inference: From Linear to Logarithmic {SAT} Solver Calls},
	Year = {2016}}
	
@phdthesis{Aziz15a,
	Author = {Aziz, Rehan Abdul},
	Date-Added = {2018-05-02 15:26:27 +0000},
	Date-Modified = {2018-05-02 15:27:11 +0000},
	Month = sep,
	School = {Department of Computing and Information Systems , The University of Melbourne},
	Title = {Answer Set Programming: Founded Bounds and Model Counting},
	Year = {2015},
	Bdsk-File-1 = {YnBsaXN0MDDSAQIDBFxyZWxhdGl2ZVBhdGhZYWxpYXNEYXRhXxArLi4vLi4vLi4vLi4vLi4vLi4vLi4vTGl0ZXJhdHVyZS9Beml6MTVhLnBkZk8RAUAAAAAAAUAAAgAADE1hY2ludG9zaCBIRAAAAAAAAAAAAAAAAAAAAAAAAABCRAAB/////wtBeml6MTVhLnBkZgAAAAAAAAAAAAAAAAAAAAAAAAAAAAAAAAAAAAAAAAAAAAAAAAAAAAAAAAAAAAAAAAAAAAD/////AAAAAAAAAAAAAAAAAAcAAgAACiBjdQAAAAAAAAAAAAAAAAAKTGl0ZXJhdHVyZQACACUvOlVzZXJzOmZpY2h0ZTpMaXRlcmF0dXJlOkF6aXoxNWEucGRmAAAOABgACwBBAHoAaQB6ADEANQBhAC4AcABkAGYADwAaAAwATQBhAGMAaQBuAHQAbwBzAGgAIABIAEQAEgAjVXNlcnMvZmljaHRlL0xpdGVyYXR1cmUvQXppejE1YS5wZGYAABMAAS8AABUAAgAN//8AAAAIAA0AGgAkAFIAAAAAAAACAQAAAAAAAAAFAAAAAAAAAAAAAAAAAAABlg==}}

	
@inproceedings{AzizChuMuise15a,
	Address = {Austin, TX, USA},
	Author = {Aziz, Rehan Abdul and Chu, Geoffrey and Muise, Christian and Stuckey, Peter},
	Booktitle = {Proceedings of the 18th International Conference on Theory and Applications of Satisfiability Testing (SAT'15)},
	Date-Added = {2017-07-14 18:37:04 +0000},
	Date-Modified = {2017-07-14 18:39:47 +0000},
	Doi = {10.1007/978-3-319-24318-4_10},
	Editor = {Heule, Marijn and Weaver, Sean},
	Isbn = {978-3-319-24318-4},
	Month = sep,
	Pages = {121--137},
	Publisher = springer,
	Title = {{\#($\exists$)SAT: Projected Model Counting}},
	Year = {2015},
	Bdsk-File-1 = {YnBsaXN0MDDSAQIDBFxyZWxhdGl2ZVBhdGhZYWxpYXNEYXRhXxAzLi4vLi4vLi4vLi4vLi4vLi4vLi4vTGl0ZXJhdHVyZS9Beml6Q2h1TXVpc2UxNWEucGRmTxEBYAAAAAABYAACAAAMTWFjaW50b3NoIEhEAAAAAAAAAAAAAAAAAAAAAAAAAEJEAAH/////E0F6aXpDaHVNdWlzZTE1YS5wZGYAAAAAAAAAAAAAAAAAAAAAAAAAAAAAAAAAAAAAAAAAAAAAAAAAAAAAAAAAAP////8AAAAAAAAAAAAAAAAABwACAAAKIGN1AAAAAAAAAAAAAAAAAApMaXRlcmF0dXJlAAIALS86VXNlcnM6ZmljaHRlOkxpdGVyYXR1cmU6QXppekNodU11aXNlMTVhLnBkZgAADgAoABMAQQB6AGkAegBDAGgAdQBNAHUAaQBzAGUAMQA1AGEALgBwAGQAZgAPABoADABNAGEAYwBpAG4AdABvAHMAaAAgAEgARAASACtVc2Vycy9maWNodGUvTGl0ZXJhdHVyZS9Beml6Q2h1TXVpc2UxNWEucGRmAAATAAEvAAAVAAIADf//AAAACAANABoAJABaAAAAAAAAAgEAAAAAAAAABQAAAAAAAAAAAAAAAAAAAb4=},
	Bdsk-Url-1 = {http://dx.doi.org/10.1007/978-3-319-24318-4_10}}

	
@inproceedings{GuptaSharmaRoy19a,
	Abstract = {Given a set of constraints F and a user-defined weight function W on the assignment space, the problem of constrained sampling is to sample satisfying assignments of F conditioned on W. Constrained sampling is a fundamental problem with applications in probabilistic reasoning, synthesis, software and hardware testing. Consequently, the problem of sampling has been subject to intense theoretical and practical investigations over the years. Despite such intense investigations, there still remains a gap between theory and practice. In particular, there has been significant progress in the development of sampling techniques when W is a uniform distribution, but such techniques fail to handle general weight functions W. Furthermore, we are, often, interested in {\$}{\$}{\backslash}varSigma {\_}1^1{\$}{\$}formulas, i.e., {\$}{\$}G(X):={\backslash},{\backslash}exists Y F(X, Y){\$}{\$}for some F; typically the set of variables Y are introduced as auxiliary variables during encoding of constraints to F. In this context, one wonders whether it is possible to design sampling techniques whose runtime performance is agnostic to the underlying weight distribution and can handle {\$}{\$}{\backslash}varSigma {\_}1^1{\$}{\$}formulas?},
	Address = {Prague, Czech Republic},
	Author = {Gupta, Rahul and Sharma, Shubham and Roy, Subhajit and Meel, Kuldeep S.},
	Booktitle = {Proceedings of the 25th International Conference on Tools and Algorithms for the Construction and Analysis of Systems (TACAS'19)},
	Date-Added = {2020-02-26 17:34:15 +0100},
	Date-Modified = {2020-02-26 17:50:50 +0100},
	Editor = {Vojnar, Tom{\'a}{\v{s}} and Zhang, Lijun},
	Isbn = {978-3-030-17462-0},
	Month = apr,
	Note = {Held as Part of the European Joint Conferences on Theory and Practice of Software},
	Pages = {59--76},
	Publisher = springer,
	Title = {WAPS: Weighted and Projected Sampling},
	Year = {2019}}

@inproceedings{FichteEtAl18,
	Abstract = {Many hard problems can be solved efficiently for problem instances that can be decomposed by tree decompositions of small width. In particular for problems beyond NP, such as {\#}P-complete counting problems, tree decomposition-based methods are particularly attractive. However, finding an optimal tree decomposition is itself an NP-hard problem. Existing methods for finding tree decompositions of small width either (a) yield optimal tree decompositions but are applicable only to small instances or (b) are based on greedy heuristics which often yield tree decompositions that are far from optimal. In this paper, we propose a new method that combines (a) and (b), where a heuristically obtained tree decomposition is improved locally by means of a SAT encoding. We provide an experimental evaluation of our new method.},
	Addressoff = {Oxford, UK},
	Author = {Fichte, Johannes K. and Hecher, Markus and Morak, Michael and Woltran, Stefan},
	Booktitle = {{SAT'18}},
	Volume = {10929},
	Date-Added = {2018-05-15 16:38:20 +0000},
	Date-Modified = {2018-05-18 14:51:00 +0000},
	Editoroff = {Beyersdorff, Olaf and Wintersteiger, Christoph M.},
	Month = jul,
	Pages = {165--184},
	series = lncs,
	Publisher = springer,
	Title = {Exploiting Treewidth for Projected Model Counting and its Limits},
	Year = {2018},
	Bdsk-File-1 = {YnBsaXN0MDDUAQIDBAUGJCVYJHZlcnNpb25YJG9iamVjdHNZJGFyY2hpdmVyVCR0b3ASAAGGoKgHCBMUFRYaIVUkbnVsbNMJCgsMDxJXTlMua2V5c1pOUy5vYmplY3RzViRjbGFzc6INDoACgAOiEBGABIAFgAdccmVsYXRpdmVQYXRoWWFsaWFzRGF0YV8QPC4uLy4uLy4uLy4uLy4uLy4uLy4uLy4uL0xpdGVyYXR1cmUvRmljaHRlTG9kaGFTemVpZGVyMTdhLnBkZtIXCxgZV05TLmRhdGFPEQGuAAAAAAGuAAIAAAxNYWNpbnRvc2ggSEQAAAAAAAAAAAAAAAAAAADSSMABSCsAAAAK7CsZRmljaHRlTG9kaGFTemVpZGVyMTdhLnBkZgAAAAAAAAAAAAAAAAAAAAAAAAAAAAAAAAAAAAAAAAAAAAAAAAAAAeO/zNXrIawAAAAAAAAAAAAIAAIAAAkgAAAAAAAAAAAAAAAAAAAACkxpdGVyYXR1cmUAEAAIAADSSKPhAAAAEQAIAADV6wWMAAAAAQAMAArsKwAJZRoABiqaAAIAQU1hY2ludG9zaCBIRDpVc2VyczoAZmljaHRlOgBMaXRlcmF0dXJlOgBGaWNodGVMb2RoYVN6ZWlkZXIxN2EucGRmAAAOADQAGQBGAGkAYwBoAHQAZQBMAG8AZABoAGEAUwB6AGUAaQBkAGUAcgAxADcAYQAuAHAAZABmAA8AGgAMAE0AYQBjAGkAbgB0AG8AcwBoACAASABEABIAMVVzZXJzL2ZpY2h0ZS9MaXRlcmF0dXJlL0ZpY2h0ZUxvZGhhU3plaWRlcjE3YS5wZGYAABMAAS8AABUAAgAN//8AAIAG0hscHR5aJGNsYXNzbmFtZVgkY2xhc3Nlc11OU011dGFibGVEYXRhox0fIFZOU0RhdGFYTlNPYmplY3TSGxwiI1xOU0RpY3Rpb25hcnmiIiBfEA9OU0tleWVkQXJjaGl2ZXLRJidUcm9vdIABAAgAEQAaACMALQAyADcAQABGAE0AVQBgAGcAagBsAG4AcQBzAHUAdwCEAI4AzQDSANoCjAKOApMCngKnArUCuQLAAskCzgLbAt4C8ALzAvgAAAAAAAACAQAAAAAAAAAoAAAAAAAAAAAAAAAAAAAC+g==},
	Bdsk-Url-1 = {https://doi.org/10.1007/978-3-319-66263-3_25},
	Bdsk-Url-2 = {http://dx.doi.org/10.1007/978-3-319-66263-3_25}}


@inproceedings{MeelEtAl17a,
	Address = {San Francisco, CA, {USA}},
	Author = {Due{\~{n}}as{-}Osorio, Leonardo and Meel, Kuldeep S. and Paredes, Roger and Vardi, Moshe Y.},
	Booktitle = {Proceedings of the Thirty-First {AAAI} Conference on Artificial Intelligence (AAAI'17)},
	Date-Added = {2018-01-18 09:40:21 +0000},
	Date-Modified = {2018-01-18 09:40:21 +0000},
	Editor = {Singh, Satinder P. and Markovitch, Shaul},
	Month = feb,
	Pages = {4488--4494},
	Publisher = aip,
	Title = {Counting-Based Reliability Estimation for Power-Transmission Grids},
	Year = {2017},
	Bdsk-File-1 = {YnBsaXN0MDDUAQIDBAUGJCVYJHZlcnNpb25YJG9iamVjdHNZJGFyY2hpdmVyVCR0b3ASAAGGoKgHCBMUFRYaIVUkbnVsbNMJCgsMDxJXTlMua2V5c1pOUy5vYmplY3RzViRjbGFzc6INDoACgAOiEBGABIAFgAdccmVsYXRpdmVQYXRoWWFsaWFzRGF0YV8QQi4uLy4uLy4uLy4uLy4uLy4uLy4uLy4uL0xpdGVyYXR1cmUvRHVlbmFzLU9zb3Jpb01lZWxQYXJlZGVzMTdhLnBkZtIXCxgZV05TLmRhdGFPEQHGAAAAAAHGAAIAAAxNYWNpbnRvc2ggSEQAAAAAAAAAAAAAAAAAAADSSMABSCsAAAAK7CsfRHVlbmFzLU9zb3Jpb01lZWxQYXJlZGVzMTdhLnBkZgAAAAAAAAAAAAAAAAAAAAAAAAAAAAAAAAAAAAAAAAAAAbq699WO0+oAAAAAAAAAAAAIAAIAAAkgAAAAAAAAAAAAAAAAAAAACkxpdGVyYXR1cmUAEAAIAADSSKPhAAAAEQAIAADVjrfKAAAAAQAMAArsKwAJZRoABiqaAAIAR01hY2ludG9zaCBIRDpVc2VyczoAZmljaHRlOgBMaXRlcmF0dXJlOgBEdWVuYXMtT3NvcmlvTWVlbFBhcmVkZXMxN2EucGRmAAAOAEAAHwBEAHUAZQBuAGEAcwAtAE8AcwBvAHIAaQBvAE0AZQBlAGwAUABhAHIAZQBkAGUAcwAxADcAYQAuAHAAZABmAA8AGgAMAE0AYQBjAGkAbgB0AG8AcwBoACAASABEABIAN1VzZXJzL2ZpY2h0ZS9MaXRlcmF0dXJlL0R1ZW5hcy1Pc29yaW9NZWVsUGFyZWRlczE3YS5wZGYAABMAAS8AABUAAgAN//8AAIAG0hscHR5aJGNsYXNzbmFtZVgkY2xhc3Nlc11OU011dGFibGVEYXRhox0fIFZOU0RhdGFYTlNPYmplY3TSGxwiI1xOU0RpY3Rpb25hcnmiIiBfEA9OU0tleWVkQXJjaGl2ZXLRJidUcm9vdIABAAgAEQAaACMALQAyADcAQABGAE0AVQBgAGcAagBsAG4AcQBzAHUAdwCEAI4A0wDYAOACqgKsArECvALFAtMC1wLeAucC7AL5AvwDDgMRAxYAAAAAAAACAQAAAAAAAAAoAAAAAAAAAAAAAAAAAAADGA==}}


@inproceedings{FichteHecher19,
  author    = {Johannes Klaus Fichte and
               Markus Hecher},
  title     = {Treewidth and Counting Projected Answer Sets},
  booktitle = {{LPNMR'19}},
  series    = {LNCS},
  volume    = {11481},
  pages     = {105--119},
  publisher = {Springer},
  year      = {2019}
}


@article{DurandHermannKolaitis05,
	Author = {Durand, Arnaud and Hermann, Miki and Kolaitis, Phokion G.},
	Date-Modified = {2018-02-03 19:39:24 +0000},
	Doi = {10.1016/j.tcs.2005.03.012},
	Issn = {0304--3975},
	Journal = tcs,
	Number = {3},
	Pages = {496--513},
	Title = {Subtractive reductions and complete problems for counting complexity classes},
	Volume = {340},
	Year = {2005},
	Bdsk-Url-1 = {http://www.sciencedirect.com/science/article/pii/S0304397505001337},
	Bdsk-Url-2 = {https://doi.org/10.1016/j.tcs.2005.03.012}}


@inproceedings{Lifschitz99,
  author    = {Vladimir Lifschitz},
  title     = {Answer Set Planning},
  booktitle = {{ICLP}},
  pages     = {23--37},
  publisher = {{MIT} Press},
  year      = {1999}
}

@article{SchaubWoltran18,
  author    = {Torsten Schaub and
               Stefan Woltran},
  title     = {Special Issue on Answer Set Programming},
  journal   = {{KI}},
  volume    = {32},
  number    = {2-3},
  pages     = {101--103},
  year      = {2018}
}

@article{GuziolowskiEtAl13a,
	Abstract = {Motivation: Logic modeling is a useful tool to study signal transduction across multiple pathways. Logic models can be generated by training a network containing the prior knowledge to phospho-proteomics data. The training can be performed using stochastic optimization procedures, but these are unable to guarantee a global optima or to report the complete family of feasible models. This, however, is essential to provide precise insight in the mechanisms underlaying signal transduction and generate reliable predictions.Results: We propose the use of Answer Set Programming to explore exhaustively the space of feasible logic models. Toward this end, we have developed caspo, an open-source Python package that provides a powerful platform to learn and characterize logic models by leveraging the rich modeling language and solving technologies of Answer Set Programming. We illustrate the usefulness of caspo by revisiting a model of pro-growth and inflammatory pathways in liver cells. We show that, if experimental error is taken into account, there are thousands (11 700) of models compatible with the data. Despite the large number, we can extract structural features from the models, such as links that are always (or never) present or modules that appear in a mutual exclusive fashion. To further characterize this family of models, we investigate the input--output behavior of the models. We find 91 behaviors across the 11 700 models and we suggest new experiments to discriminate among them. Our results underscore the importance of characterizing in a global and exhaustive manner the family of feasible models, with important implications for experimental design.Availability: caspo is freely available for download (license GPLv3) and as a web service at http://caspo.genouest.org/.Supplementary information: Supplementary materials are available at Bioinformatics online.Contact: anne.siegel@irisa.fr or saezrodriguez@ebi.ac.uk},
	Author = {Guziolowski, Carito and Videla, Santiago and Eduati, Federica and Thiele, Sven and Cokelaer, Thomas and Siegel, Anne and Saez-Rodriguez, Julio},
	Date-Added = {2018-05-05 11:25:34 +0000},
	Date-Modified = {2018-05-05 11:25:45 +0000},
	Doi = {10.1093/bioinformatics/btt393},
	Journal = {Bioinformatics},
	Note = {Erratum see Bioinformatics 30, 13, 1942.},
	Number = {18},
	Pages = {2320--2326},
	Title = {Exhaustively characterizing feasible logic models of a signaling network using Answer Set Programming},
	Volume = {29},
	Year = {2013},
	Bdsk-Url-1 = {http://bioinformatics.oxfordjournals.org/content/29/18/2320.abstract},
	Bdsk-Url-2 = {http://dx.doi.org/10.1093/bioinformatics/btt393}}


@inproceedings{NiemelaSimonsSoininen99,
	Addressoff = {El Paso, TX, USA},
	Author = {Niemel{{\"a}}, Ilkka and Simons, P. and Soininen, T.},
	Booktitle = {{LPNMR'99}},
	Date-Added = {2018-05-05 11:20:45 +0000},
	Date-Modified = {2018-05-05 11:20:45 +0000},
	Doioff = {10.1007/3-540-46767-X_23},
	Editoroff = {Gelfond, Michael and Leone, Nicola and Pfeifer, Gerald},
	Isbn = {3-540-66749-0},
	Month = dec,
	Pages = {317--331},
	Publisher = springer,
	Series = lncs,
	Title = {Stable model semantics of weight constraint rules},
	Volume = {1730},
	Year = {1999},
	Bdsk-File-1 = {YnBsaXN0MDDUAQIDBAUGJCVYJHZlcnNpb25YJG9iamVjdHNZJGFyY2hpdmVyVCR0b3ASAAGGoKgHCBMUFRYaIVUkbnVsbNMJCgsMDxJXTlMua2V5c1pOUy5vYmplY3RzViRjbGFzc6INDoACgAOiEBGABIAFgAdccmVsYXRpdmVQYXRoWWFsaWFzRGF0YW8QQAAuAC4ALwAuAC4ALwAuAC4ALwAuAC4ALwAuAC4ALwAuAC4ALwAuAC4ALwAuAC4ALwBMAGkAdABlAHIAYQB0AHUAcgBlAC8ATgBpAGUAbQBlAGwAYQMBADEAUwBpAG0AbwBuAHMAUwBvAGkAbgBpAG4AZQBuADkAOQAuAHAAZABm0hcLGBlXTlMuZGF0YU8RAbwAAAAAAbwAAgAADE1hY2ludG9zaCBIRAAAAAAAAAAAAAAAAAAAANJIwAFIKwAAAArsKxxOaWVtZWyHMVNpbW9uc1NvaW5pbmVuOTkucGRmAAAAAAAAAAAAAAAAAAAAAAAAAAAAAAAAAAAAAAAAAAAAAAAAI1JeyvRv2gAAAAAAAAAAAAgAAgAACSAAAAAAAAAAAAAAAAAAAAAKTGl0ZXJhdHVyZQAQAAgAANJIo+EAAAARAAgAAMr0YcoAAAABAAwACuwrAAllGgAGKpoAAgBETWFjaW50b3NoIEhEOlVzZXJzOgBmaWNodGU6AExpdGVyYXR1cmU6AE5pZW1lbIcxU2ltb25zU29pbmluZW45OS5wZGYADgA8AB0ATgBpAGUAbQBlAGwAYQMBADEAUwBpAG0AbwBuAHMAUwBvAGkAbgBpAG4AZQBuADkAOQAuAHAAZABmAA8AGgAMAE0AYQBjAGkAbgB0AG8AcwBoACAASABEABIANlVzZXJzL2ZpY2h0ZS9MaXRlcmF0dXJlL05pZW1lbGHMgTFTaW1vbnNTb2luaW5lbjk5LnBkZgATAAEvAAAVAAIADf//AACABtIbHB0eWiRjbGFzc25hbWVYJGNsYXNzZXNdTlNNdXRhYmxlRGF0YaMdHyBWTlNEYXRhWE5TT2JqZWN00hscIiNcTlNEaWN0aW9uYXJ5oiIgXxAPTlNLZXllZEFyY2hpdmVy0SYnVHJvb3SAAQAIABEAGgAjAC0AMgA3AEAARgBNAFUAYABnAGoAbABuAHEAcwB1AHcAhACOAREBFgEeAt4C4ALlAvAC+QMHAwsDEgMbAyADLQMwA0IDRQNKAAAAAAAAAgEAAAAAAAAAKAAAAAAAAAAAAAAAAAAAA0w=}}



@article{BalducciniGelfondNogueira06a,
	Author = {Balduccini, Marcello and Gelfond, Michael and Nogueira, Monica},
	Date-Added = {2018-05-05 11:25:06 +0000},
	Date-Modified = {2018-05-05 11:25:07 +0000},
	Journal = amai,
	Number = {1-2},
	Pages = {183--219},
	Title = {Answer set based design of knowledge systems},
	Volume = {47},
	Year = {2006}}

@inproceedings{NogueiraBalducciniGelfond01a,
	Addressoff = {Las Vegas, NV, USA},
	Author = {Nogueira, Monica and Balduccini, Marcello and Gelfond, Michael and Watson, Richard and Barry, Matthew},
	Booktitle = {{PADL'01}},
	Date-Added = {2018-05-05 11:23:02 +0000},
	Date-Modified = {2018-05-05 11:24:25 +0000},
	Doioff = {10.1007/3-540-45241-9_12},
	Isbn = {978-3-540-45241-6},
	Pages = {169--183},
	Publisher = springer,
	Series = lncs,
	Title = {An {A-Prolog} Decision Support System for the {Space Shuttle}},
	Volume = {1990},
	Year = {2001},
	Bdsk-Url-1 = {https://doi.org/10.1007/3-540-45241-9_12}}


@book{GebserKaminskiKaufmannSchaub12,
	Author = {Gebser, Martin and Kaminski, Roland and Kaufmann, Benjamin and Schaub, Torsten},
	Date-Added = {2018-05-05 11:20:21 +0000},
	Date-Modified = {2018-05-05 11:20:21 +0000},
	Doi = {10.2200/S00457ED1V01Y201211AIM019},
	Publisher = mcp,
	Title = {Answer Set Solving in Practice},
	Year = {2012},
	Bdsk-File-1 = {YnBsaXN0MDDUAQIDBAUGJCVYJHZlcnNpb25YJG9iamVjdHNZJGFyY2hpdmVyVCR0b3ASAAGGoKgHCBMUFRYaIVUkbnVsbNMJCgsMDxJXTlMua2V5c1pOUy5vYmplY3RzViRjbGFzc6INDoACgAOiEBGABIAFgAdccmVsYXRpdmVQYXRoWWFsaWFzRGF0YV8QRS4uLy4uLy4uLy4uLy4uLy4uLy4uLy4uL0xpdGVyYXR1cmUvR2Vic2VyS2FtaW5za2lLYXVmbWFublNjaGF1YjEyLnBkZtIXCxgZV05TLmRhdGFPEQHOAAAAAAHOAAIAAAxNYWNpbnRvc2ggSEQAAAAAAAAAAAAAAAAAAADSSMABSCsAAAAK7CsfR2Vic2VyS2FtaW5za2lLYXVmbWEjMjM1MEM3LnBkZgAAAAAAAAAAAAAAAAAAAAAAAAAAAAAAAAAAAAAAAAAAACNQx8zUVxcAAAAAAAAAAAAIAAIAAAkgAAAAAAAAAAAAAAAAAAAACkxpdGVyYXR1cmUAEAAIAADSSKPhAAAAEQAIAADM1EkHAAAAAQAMAArsKwAJZRoABiqaAAIAR01hY2ludG9zaCBIRDpVc2VyczoAZmljaHRlOgBMaXRlcmF0dXJlOgBHZWJzZXJLYW1pbnNraUthdWZtYSMyMzUwQzcucGRmAAAOAEYAIgBHAGUAYgBzAGUAcgBLAGEAbQBpAG4AcwBrAGkASwBhAHUAZgBtAGEAbgBuAFMAYwBoAGEAdQBiADEAMgAuAHAAZABmAA8AGgAMAE0AYQBjAGkAbgB0AG8AcwBoACAASABEABIAOlVzZXJzL2ZpY2h0ZS9MaXRlcmF0dXJlL0dlYnNlckthbWluc2tpS2F1Zm1hbm5TY2hhdWIxMi5wZGYAEwABLwAAFQACAA3//wAAgAbSGxwdHlokY2xhc3NuYW1lWCRjbGFzc2VzXU5TTXV0YWJsZURhdGGjHR8gVk5TRGF0YVhOU09iamVjdNIbHCIjXE5TRGljdGlvbmFyeaIiIF8QD05TS2V5ZWRBcmNoaXZlctEmJ1Ryb290gAEACAARABoAIwAtADIANwBAAEYATQBVAGAAZwBqAGwAbgBxAHMAdQB3AIQAjgDWANsA4wK1ArcCvALHAtAC3gLiAukC8gL3AwQDBwMZAxwDIQAAAAAAAAIBAAAAAAAAACgAAAAAAAAAAAAAAAAAAAMj},
	Bdsk-File-2 = {YnBsaXN0MDDUAQIDBAUGJCVYJHZlcnNpb25YJG9iamVjdHNZJGFyY2hpdmVyVCR0b3ASAAGGoKgHCBMUFRYaIVUkbnVsbNMJCgsMDxJXTlMua2V5c1pOUy5vYmplY3RzViRjbGFzc6INDoACgAOiEBGABIAFgAdccmVsYXRpdmVQYXRoWWFsaWFzRGF0YV8QRi4uLy4uLy4uLy4uLy4uLy4uLy4uLy4uL0xpdGVyYXR1cmUvR2Vic2VyS2FtaW5za2lLYXVmbWFublNjaGF1YjEyYS5wZGbSFwsYGVdOUy5kYXRhTxEB0gAAAAAB0gACAAAMTWFjaW50b3NoIEhEAAAAAAAAAAAAAAAAAAAA0kjAAUgrAAAACuwrH0dlYnNlckthbWluc2tpS2F1Zm1hIzIzNTBDOC5wZGYAAAAAAAAAAAAAAAAAAAAAAAAAAAAAAAAAAAAAAAAAAAAjUMjRWplEAAAAAAAAAAAACAACAAAJIAAAAAAAAAAAAAAAAAAAAApMaXRlcmF0dXJlABAACAAA0kij4QAAABEACAAA0Vp9JAAAAAEADAAK7CsACWUaAAYqmgACAEdNYWNpbnRvc2ggSEQ6VXNlcnM6AGZpY2h0ZToATGl0ZXJhdHVyZToAR2Vic2VyS2FtaW5za2lLYXVmbWEjMjM1MEM4LnBkZgAADgBIACMARwBlAGIAcwBlAHIASwBhAG0AaQBuAHMAawBpAEsAYQB1AGYAbQBhAG4AbgBTAGMAaABhAHUAYgAxADIAYQAuAHAAZABmAA8AGgAMAE0AYQBjAGkAbgB0AG8AcwBoACAASABEABIAO1VzZXJzL2ZpY2h0ZS9MaXRlcmF0dXJlL0dlYnNlckthbWluc2tpS2F1Zm1hbm5TY2hhdWIxMmEucGRmAAATAAEvAAAVAAIADf//AACABtIbHB0eWiRjbGFzc25hbWVYJGNsYXNzZXNdTlNNdXRhYmxlRGF0YaMdHyBWTlNEYXRhWE5TT2JqZWN00hscIiNcTlNEaWN0aW9uYXJ5oiIgXxAPTlNLZXllZEFyY2hpdmVy0SYnVHJvb3SAAQAIABEAGgAjAC0AMgA3AEAARgBNAFUAYABnAGoAbABuAHEAcwB1AHcAhACOANcA3ADkAroCvALBAswC1QLjAucC7gL3AvwDCQMMAx4DIQMmAAAAAAAAAgEAAAAAAAAAKAAAAAAAAAAAAAAAAAAAAyg=}}



@article{BrewkaEiterTruszczynski11,
	Author = {Brewka, G. and Eiter, T. and Truszczy{\'n}ski, M.},
	Date-Added = {2016-10-25 18:29:45 +0000},
	Date-Modified = {2016-10-25 18:29:45 +0000},
	Doi = {10.1145/2043174.2043195},
	Issn = {0001-0782},
	Journal = {Communications of the ACM},
	Number = {12},
	Pages = {92--103},
	Publisher = acm,
	Title = {Answer set programming at a glance},
	Volume = {54},
	Year = {2011},
	Bdsk-File-1 = {YnBsaXN0MDDUAQIDBAUGJCVYJHZlcnNpb25YJG9iamVjdHNZJGFyY2hpdmVyVCR0b3ASAAGGoKgHCBMUFRYaIVUkbnVsbNMJCgsMDxJXTlMua2V5c1pOUy5vYmplY3RzViRjbGFzc6INDoACgAOiEBGABIAFgAdccmVsYXRpdmVQYXRoWWFsaWFzRGF0YV8QQC4uLy4uLy4uLy4uLy4uLy4uLy4uLy4uL0xpdGVyYXR1cmUvQnJld2thRWl0ZXJUcnVzemN6eW5za2kxMS5wZGbSFwsYGVdOUy5kYXRhTxEBvgAAAAABvgACAAAMTWFjaW50b3NoIEhEAAAAAAAAAAAAAAAAAAAA0kjAAUgrAAAACuwrHUJyZXdrYUVpdGVyVHJ1c3pjenluc2tpMTEucGRmAAAAAAAAAAAAAAAAAAAAAAAAAAAAAAAAAAAAAAAAAAAAAAAjT5HNdzEYAAAAAAAAAAAACAACAAAJIAAAAAAAAAAAAAAAAAAAAApMaXRlcmF0dXJlABAACAAA0kij4QAAABEACAAAzXcjCAAAAAEADAAK7CsACWUaAAYqmgACAEVNYWNpbnRvc2ggSEQ6VXNlcnM6AGZpY2h0ZToATGl0ZXJhdHVyZToAQnJld2thRWl0ZXJUcnVzemN6eW5za2kxMS5wZGYAAA4APAAdAEIAcgBlAHcAawBhAEUAaQB0AGUAcgBUAHIAdQBzAHoAYwB6AHkAbgBzAGsAaQAxADEALgBwAGQAZgAPABoADABNAGEAYwBpAG4AdABvAHMAaAAgAEgARAASADVVc2Vycy9maWNodGUvTGl0ZXJhdHVyZS9CcmV3a2FFaXRlclRydXN6Y3p5bnNraTExLnBkZgAAEwABLwAAFQACAA3//wAAgAbSGxwdHlokY2xhc3NuYW1lWCRjbGFzc2VzXU5TTXV0YWJsZURhdGGjHR8gVk5TRGF0YVhOU09iamVjdNIbHCIjXE5TRGljdGlvbmFyeaIiIF8QD05TS2V5ZWRBcmNoaXZlctEmJ1Ryb290gAEACAARABoAIwAtADIANwBAAEYATQBVAGAAZwBqAGwAbgBxAHMAdQB3AIQAjgDRANYA3gKgAqICpwKyArsCyQLNAtQC3QLiAu8C8gMEAwcDDAAAAAAAAAIBAAAAAAAAACgAAAAAAAAAAAAAAAAAAAMO},
	Bdsk-Url-1 = {http://doi.acm.org/10.1145/2043174.2043195}}



@inproceedings{FichteEtAl17,
  author    = {Johannes Klaus Fichte and
               Markus Hecher and
               Michael Morak and
               Stefan Woltran},
  title     = {Answer Set Solving with Bounded Treewidth Revisited},
  booktitle = {{LPNMR}},
  series    = {Lecture Notes in Computer Science},
  volume    = {10377},
  pages     = {132--145},
  publisher = {Springer},
  year      = {2017}
}

@article{DBLP:journals/tplp/GebserHKLS15,
  author    = {Martin Gebser and
               Amelia Harrison and
               Roland Kaminski and
               Vladimir Lifschitz and
               Torsten Schaub},
  title     = {Abstract gringo},
  journal   = {{TPLP}},
  volume    = {15},
  number    = {4-5},
  pages     = {449--463},
  year      = {2015},
  url       = {https://doi.org/10.1017/S1471068415000150},
  doi       = {10.1017/S1471068415000150},
  timestamp = {Sat, 27 May 2017 14:23:06 +0200},
  biburl    = {https://dblp.org/rec/bib/journals/tplp/GebserHKLS15},
  bibsource = {dblp computer science bibliography, https://dblp.org}
}

@inproceedings{DBLP:conf/iclp/GebserKKOSW16,
  author    = {Martin Gebser and
               Roland Kaminski and
               Benjamin Kaufmann and
               Max Ostrowski and
               Torsten Schaub and
               Philipp Wanko},
  editor    = {Manuel Carro and
               Andy King and
               Neda Saeedloei and
               Marina De Vos},
  title     = {Theory Solving Made Easy with Clingo 5},
  booktitle = {Technical Communications of the 32nd International Conference on Logic
               Programming, {ICLP} 2016 TCs, October 16-21, 2016, New York City,
               {USA}},
  series    = {{OASICS}},
  volume    = {52},
  pages     = {2:1--2:15},
  publisher = {Schloss Dagstuhl - Leibniz-Zentrum fuer Informatik},
  year      = {2016},
  url       = {https://doi.org/10.4230/OASIcs.ICLP.2016.2},
  doi       = {10.4230/OASIcs.ICLP.2016.2},
  timestamp = {Thu, 23 Aug 2018 15:56:22 +0200},
  biburl    = {https://dblp.org/rec/bib/conf/iclp/GebserKKOSW16},
  bibsource = {dblp computer science bibliography, https://dblp.org}
}

@article{DBLP:conf/laitinen2014extending,
  title={Extending SAT solver with parity reasoning},
  author={Laitinen, Tero},
  year={2014},
  publisher={Aalto University}
}

@article{DBLP:journals/corr/abs-1806-02239,
  author    = {Kuldeep S. Meel},
  title     = {Constrained Counting and Sampling: Bridging the Gap between Theory
               and Practice},
  journal   = {CoRR},
  volume    = {abs/1806.02239},
  year      = {2018},
  url       = {http://arxiv.org/abs/1806.02239},
  archivePrefix = {arXiv},
  eprint    = {1806.02239},
  timestamp = {Mon, 13 Aug 2018 16:47:12 +0200},
  biburl    = {https://dblp.org/rec/bib/journals/corr/abs-1806-02239},
  bibsource = {dblp computer science bibliography, https://dblp.org}
}

@inproceedings{DBLP:conf/sat/SoosNC09,
  author    = {Mate Soos and
               Karsten Nohl and
               Claude Castelluccia},
  editor    = {Oliver Kullmann},
  title     = {Extending {SAT} Solvers to Cryptographic Problems},
  booktitle = {Theory and Applications of Satisfiability Testing - {SAT} 2009, 12th
               International Conference, {SAT} 2009, Swansea, UK, June 30 - July
               3, 2009. Proceedings},
  series    = {Lecture Notes in Computer Science},
  volume    = {5584},
  pages     = {244--257},
  publisher = {Springer},
  year      = {2009},
  url       = {https://doi.org/10.1007/978-3-642-02777-2\_24},
  doi       = {10.1007/978-3-642-02777-2\_24},
  timestamp = {Tue, 14 May 2019 10:00:41 +0200},
  biburl    = {https://dblp.org/rec/bib/conf/sat/SoosNC09},
  bibsource = {dblp computer science bibliography, https://dblp.org}
}

@inproceedings{DBLP:conf/lpnmr/EverardoJKS19,
  author    = {Flavio Everardo and
               Tomi Janhunen and
               Roland Kaminski and
               Torsten Schaub},
  editor    = {Marcello Balduccini and
               Yuliya Lierler and
               Stefan Woltran},
  title     = {The Return of xorro},
  booktitle = {Logic Programming and Nonmonotonic Reasoning - 15th International
               Conference, {LPNMR} 2019, Philadelphia, PA, USA, June 3-7, 2019, Proceedings},
  series    = {Lecture Notes in Computer Science},
  volume    = {11481},
  pages     = {284--297},
  publisher = {Springer},
  year      = {2019},
  url       = {https://doi.org/10.1007/978-3-030-20528-7\_21},
  doi       = {10.1007/978-3-030-20528-7\_21},
  timestamp = {Fri, 31 May 2019 09:51:40 +0200},
  biburl    = {https://dblp.org/rec/bib/conf/lpnmr/EverardoJKS19},
  bibsource = {dblp computer science bibliography, https://dblp.org}
}

@inproceedings{DBLP:conf/focs/WegmanC79,
	author    = {Mark N. Wegman and
	Larry Carter},
	title     = {New Classes and Applications of Hash Functions},
	booktitle = {20th Annual Symposium on Foundations of Computer Science, San Juan,
	Puerto Rico, 29-31 October 1979},
	pages     = {175--182},
	publisher = {{IEEE} Computer Society},
	year      = {1979},
	url       = {https://doi.org/10.1109/SFCS.1979.26},
	doi       = {10.1109/SFCS.1979.26},
	timestamp = {Wed, 16 Oct 2019 14:14:54 +0200},
	biburl    = {https://dblp.org/rec/conf/focs/WegmanC79.bib},
	bibsource = {dblp computer science bibliography, https://dblp.org}
}

@inproceedings{DBLP:conf/stoc/CarterW77,
	author    = {Larry Carter and
	Mark N. Wegman},
	editor    = {John E. Hopcroft and
	Emily P. Friedman and
	Michael A. Harrison},
	title     = {Universal Classes of Hash Functions (Extended Abstract)},
	booktitle = {Proceedings of the 9th Annual {ACM} Symposium on Theory of Computing,
	May 4-6, 1977, Boulder, Colorado, {USA}},
	pages     = {106--112},
	publisher = {{ACM}},
	year      = {1977},
	url       = {https://doi.org/10.1145/800105.803400},
	doi       = {10.1145/800105.803400},
	timestamp = {Tue, 06 Nov 2018 11:07:04 +0100},
	biburl    = {https://dblp.org/rec/conf/stoc/CarterW77.bib},
	bibsource = {dblp computer science bibliography, https://dblp.org}
}

@article{DBLP:journals/jcss/CarterW79,
	author    = {Larry Carter and
	Mark N. Wegman},
	title     = {Universal Classes of Hash Functions},
	journal   = {J. Comput. Syst. Sci.},
	volume    = {18},
	number    = {2},
	pages     = {143--154},
	year      = {1979},
	url       = {https://doi.org/10.1016/0022-0000(79)90044-8},
	doi       = {10.1016/0022-0000(79)90044-8},
	timestamp = {Wed, 14 Nov 2018 10:33:59 +0100},
	biburl    = {https://dblp.org/rec/journals/jcss/CarterW79.bib},
	bibsource = {dblp computer science bibliography, https://dblp.org}
}
