@inproceedings{DBLP:conf/cp/ChakrabortyMV13,
  author    = {Supratik Chakraborty and
               Kuldeep S. Meel and
               Moshe Y. Vardi},
  editor    = {Christian Schulte},
  title     = {A Scalable Approximate Model Counter},
  booktitle = {Principles and Practice of Constraint Programming - 19th International
               Conference, {CP} 2013, Uppsala, Sweden, September 16-20, 2013. Proceedings},
  series    = {Lecture Notes in Computer Science},
  volume    = {8124},
  pages     = {200--216},
  publisher = {Springer},
  year      = {2013},
  url       = {https://doi.org/10.1007/978-3-642-40627-0\_18},
  doi       = {10.1007/978-3-642-40627-0\_18},
  timestamp = {Tue, 14 May 2019 10:00:45 +0200},
  biburl    = {https://dblp.org/rec/bib/conf/cp/ChakrabortyMV13},
  bibsource = {dblp computer science bibliography, https://dblp.org}
}

@article{DBLP:journals/tplp/GebserHKLS15,
  author    = {Martin Gebser and
               Amelia Harrison and
               Roland Kaminski and
               Vladimir Lifschitz and
               Torsten Schaub},
  title     = {Abstract gringo},
  journal   = {{TPLP}},
  volume    = {15},
  number    = {4-5},
  pages     = {449--463},
  year      = {2015},
  url       = {https://doi.org/10.1017/S1471068415000150},
  doi       = {10.1017/S1471068415000150},
  timestamp = {Sat, 27 May 2017 14:23:06 +0200},
  biburl    = {https://dblp.org/rec/bib/journals/tplp/GebserHKLS15},
  bibsource = {dblp computer science bibliography, https://dblp.org}
}

@inproceedings{DBLP:conf/iclp/GebserKKOSW16,
  author    = {Martin Gebser and
               Roland Kaminski and
               Benjamin Kaufmann and
               Max Ostrowski and
               Torsten Schaub and
               Philipp Wanko},
  editor    = {Manuel Carro and
               Andy King and
               Neda Saeedloei and
               Marina De Vos},
  title     = {Theory Solving Made Easy with Clingo 5},
  booktitle = {Technical Communications of the 32nd International Conference on Logic
               Programming, {ICLP} 2016 TCs, October 16-21, 2016, New York City,
               {USA}},
  series    = {{OASICS}},
  volume    = {52},
  pages     = {2:1--2:15},
  publisher = {Schloss Dagstuhl - Leibniz-Zentrum fuer Informatik},
  year      = {2016},
  url       = {https://doi.org/10.4230/OASIcs.ICLP.2016.2},
  doi       = {10.4230/OASIcs.ICLP.2016.2},
  timestamp = {Thu, 23 Aug 2018 15:56:22 +0200},
  biburl    = {https://dblp.org/rec/bib/conf/iclp/GebserKKOSW16},
  bibsource = {dblp computer science bibliography, https://dblp.org}
}
